<record><leader>00000cas a22000007a 4500</leader><controlfield tag="001">18387005</controlfield><controlfield tag="008">880822d19731975ohuwr ne      0    0eng d</controlfield><datafield ind1=" " ind2=" " tag="010"><subfield code="a">sn 88077770 </subfield></datafield><datafield ind1=" " ind2=" " tag="040"><subfield code="a">ONP</subfield><subfield code="b">eng</subfield><subfield code="c">ONP</subfield><subfield code="d">OCLCQ</subfield></datafield><datafield ind1=" " ind2=" " tag="042"><subfield code="a">msc</subfield></datafield><datafield ind1="0" ind2="4" tag="245"><subfield code="a">The Gahanna Independent news.</subfield></datafield><datafield ind1=" " ind2=" " tag="260"><subfield code="a">Gahanna [Ohio :</subfield><subfield code="b">s.n.],</subfield><subfield code="c">-1975.</subfield></datafield><datafield ind1=" " ind2=" " tag="310"><subfield code="a">Weekly</subfield></datafield><datafield ind1="1" ind2=" " tag="362"><subfield code="a">Began with June 23, 1973 issue.</subfield></datafield><datafield ind1="0" ind2=" " tag="362"><subfield code="a">-v. 3, no. issue 20 (Oct. 20, 1975).</subfield></datafield><datafield ind1=" " ind2=" " tag="515"><subfield code="a">Suspended between Aug. 26, 1973-June 2, 1974.</subfield></datafield><datafield ind1=" " ind2=" " tag="588"><subfield code="a">Description based on: Issue 3 (July 8, 1973).</subfield></datafield><datafield ind1=" " ind2=" " tag="752"><subfield code="a">United States</subfield><subfield code="b">Ohio</subfield><subfield code="c">Franklin</subfield><subfield code="d">Gahanna.</subfield></datafield></record>